This file was created with JabRef 2.2.
Encoding: MacRoman

@article{steinbeis2009understanding,
  title={Understanding the intentions behind man-made products elicits neural activity in areas dedicated to mental state attribution},
  author={Steinbeis, Nikolaus and Koelsch, Stefan},
  journal={Cerebral Cortex},
  volume={19},
  number={3},
  pages={619--623},
  year={2009},
  publisher={Oxford University Press}
}

@article{chamberlain2018putting,
  title={Putting the art in artificial: Aesthetic responses to computer-generated art.},
  author={Chamberlain, Rebecca and Mullin, Caitlin and Scheerlinck, Bram and Wagemans, Johan},
  journal={Psychology of Aesthetics, Creativity, and the Arts},
  volume={12},
  number={2},
  pages={177},
  year={2018},
  publisher={Educational Publishing Foundation}
}

@article{abu2020re,
  title={Re-imaging the intentional stance},
  author={Abu-Akel, Ahmad M and Apperly, Ian A and Wood, Stephen J and Hansen, Peter C},
  journal={Proceedings of the Royal Society B},
  volume={287},
  number={1925},
  pages={20200244},
  year={2020},
  publisher={The Royal Society}
}

@article{bloom1998intention,
  title={Intention and analogy in children's naming of pictorial representations},
  author={Bloom, Paul and Markson, Lori},
  journal={Psychological Science},
  volume={9},
  number={3},
  pages={200--204},
  year={1998},
  publisher={SAGE Publications Sage CA: Los Angeles, CA}
}

@article{anglada2019names,
  title={Names and titles matter: The impact of linguistic fluency and the affect heuristic on aesthetic and value judgements of music.},
  author={Anglada-Tort, Manuel and Steffens, Jochen and M{\"u}llensiefen, Daniel},
  journal={Psychology of Aesthetics, Creativity, and the Arts},
  volume={13},
  number={3},
  pages={277},
  year={2019},
  publisher={Educational Publishing Foundation}
}

@article{boden1998creativity,
  title={Creativity and artificial intelligence},
  author={Boden, Margaret A},
  journal={Artificial intelligence},
  volume={103},
  number={1-2},
  pages={347--356},
  year={1998},
  publisher={Elsevier}
}

@article{fischinger2020if,
  title={If it’s {Mozart}, it must be good? The influence of textual information and age on musical appreciation},
  author={Fischinger, Timo and Kaufmann, Michaela and Schlotz, Wolff},
  journal={Psychology of Music},
  volume={48},
  number={4},
  pages={579--597},
  year={2020},
  publisher={Sage Publications Sage UK: London, England}
}

@article{hawley2011seeing,
  title={Seeing the mind behind the art: People can distinguish abstract expressionist paintings from highly similar paintings by children, chimps, monkeys, and elephants},
  author={Hawley-Dolan, Angelina and Winner, Ellen},
  journal={Psychological Science},
  volume={22},
  number={4},
  pages={435--441},
  year={2011},
  publisher={Sage Publications Sage CA: Los Angeles, CA}
}

@article{heider1944experimental,
  title={An experimental study of apparent behavior},
  author={Heider, Fritz and Simmel, Marianne},
  journal={The American Journal of Psychology},
  volume={57},
  number={2},
  pages={243--259},
  year={1944},
  publisher={JSTOR}
}

@article{jucker2014just,
  title={“{I} just don't get it”: Perceived artists' intentions affect art evaluations},
  author={Jucker, Jean-Luc and Barrett, Justin L and Wlodarski, Rafael},
  journal={Empirical Studies of the Arts},
  volume={32},
  number={2},
  pages={149--182},
  year={2014},
  publisher={SAGE Publications Sage CA: Los Angeles, CA}
}

@article{margulis2019music,
  title={What the music said: Narrative listening across cultures},
  author={Margulis, Elizabeth Hellmuth and Wong, Patrick CM and Simchy-Gross, Rhimmon and McAuley, J Devin},
  journal={Palgrave Communications},
  volume={5},
  number={1},
  year={2019},
  publisher={Springer Science and Business Media LLC}
}

@article{margulis2022narratives,
  title={Narratives imagined in response to instrumental music reveal culture-bounded intersubjectivity},
  author={Margulis, Elizabeth H and Wong, Patrick CM and Turnbull, Cara and Kubit, Benjamin M and McAuley, J Devin},
  journal={Proceedings of the National Academy of Sciences},
  volume={119},
  number={4},
  pages={e2110406119},
  year={2022},
  publisher={National Acad Sciences}
}

@article{margulis2022did,
  title={When did that happen? {The} dynamic unfolding of perceived musical narrative},
  author={Margulis, Elizabeth Hellmuth and Williams, Jamal and Simchy-Gross, Rhimmon and McAuley, J Devin},
  journal={Cognition},
  volume={226},
  pages={105180},
  year={2022},
  publisher={Elsevier}
}

@article{pantelis2016agency,
  title={Agency and rationality: Adopting the intentional stance toward evolved virtual agents.},
  author={Pantelis, Peter C and Gerstner, Timothy and Sanik, Kevin and Weinstein, Ari and Cholewiak, Steven A and Kharkwal, Gaurav and Wu, Chia-Chien and Feldman, Jacob},
  journal={Decision},
  volume={3},
  number={1},
  pages={40},
  year={2016},
  publisher={Educational Publishing Foundation}
}

@article{simonton1995drawing,
  title={Drawing inferences from symphonic programs: Musical attributes versus listener attributions},
  author={Simonton, Dean Keith},
  journal={Music Perception},
  volume={12},
  number={3},
  pages={307--322},
  year={1995},
  publisher={University of California Press}
}

@article{vuoskoski2015extramusical,
  title={Extramusical information contributes to emotions induced by music},
  author={Vuoskoski, Jonna K and Eerola, Tuomas},
  journal={Psychology of Music},
  volume={43},
  number={2},
  pages={262--274},
  year={2015},
  publisher={Sage Publications Sage UK: London, England}
}

@article{hard2019attention,
  title={Attention reorganizes as structure is detected in dynamic action},
  author={Hard, Bridgette Martin and Meyer, Meredith and Baldwin, Dare},
  journal={Memory \& Cognition},
  volume={47},
  pages={17--32},
  year={2019},
  publisher={Springer}
}

@article{marchesi2019we,
  title={Do we adopt the intentional stance toward humanoid robots?},
  author={Marchesi, Serena and Ghiglino, Davide and Ciardo, Francesca and Perez-Osorio, Jairo and Baykara, Ebru and Wykowska, Agnieszka},
  journal={Frontiers in Psychology},
  volume={10},
  pages={450},
  year={2019},
  publisher={Frontiers Media SA}
}

@article{stanley2007effects,
  title={Effects of agency on movement interference during observation of a moving dot stimulus.},
  author={Stanley, James and Gowen, Emma and Miall, R Chris},
  journal={Journal of Experimental Psychology: Human Perception and Performance},
  volume={33},
  number={4},
  pages={915},
  year={2007},
  publisher={American Psychological Association}
}

@article{friedman2014exploring,
  title={Exploring emotional responses to computationally-created music.},
  author={Friedman, Ronald S and Taylor, Christa L},
  journal={Psychology of Aesthetics, Creativity, and the Arts},
  volume={8},
  number={1},
  pages={87},
  year={2014},
  publisher={Educational Publishing Foundation}
}

@article{grace2019effects,
  title={Effects of extramusical information and human presence on perceived emotion intensity in electronic music.},
  author={Grace, Victoria and Huberth, Madeline and Fujioka, Takako},
  journal={Psychomusicology: Music, Mind, and Brain},
  volume={29},
  number={2-3},
  pages={117},
  year={2019},
  publisher={Educational Publishing Foundation}
}

@article{hong2022human,
  title={Human, {I} wrote a song for you: {An} experiment testing the influence of machines’ attributes on the {AI}-composed music evaluation},
  author={Hong, Joo-Wha and Fischer, Katrin and Ha, Yul and Zeng, Yilei},
  journal={Computers in Human Behavior},
  volume={131},
  pages={107239},
  year={2022},
  publisher={Elsevier}
}

@article{morewedge2022preference,
  title={Preference for human, not algorithm aversion},
  author={Morewedge, Carey K},
  journal={Trends in Cognitive Sciences},
  year={2022},
  publisher={Elsevier}
}

@article{shank2022ai,
  title={{AI} composer bias: Listeners like music less when they think it was composed by an {AI}.},
  author={Shank, Daniel B and Stefanik, Courtney and Stuhlsatz, Cassidy and Kacirek, Kaelyn and Belfi, Amy M},
  journal={Journal of Experimental Psychology: Applied},
  year={2022},
  publisher={American Psychological Association}
}

@article{crompton2019human,
  title={Human agency beliefs affect older adults' interaction behaviours and task performance when learning with computerised partners},
  author={Crompton, Catherine J and MacPherson, Sarah E},
  journal={Computers in Human Behavior},
  volume={101},
  pages={60--67},
  year={2019},
  publisher={Elsevier}
}

@article{landauer1997solution,
  title={A solution to {Plato's} problem: The latent semantic analysis theory of acquisition, induction, and representation of knowledge.},
  author={Landauer, Thomas K and Dumais, Susan T},
  journal={Psychological Review},
  volume={104},
  number={2},
  pages={211},
  year={1997},
  publisher={American Psychological Association}
}

@article{mikolov2013efficient,
  title={Efficient estimation of word representations in vector space},
  author={Mikolov, Tomas and Chen, Kai and Corrado, Greg and Dean, Jeffrey},
  journal={arXiv preprint arXiv:1301.3781},
  year={2013}
}

@article{pelowski2017but,
  title={But is it really art? {The} classification of images as {“Art”/“Not Art”} and correlation with appraisal and viewer interpersonal differences},
  author={Pelowski, Matthew and Gerger, Gernot and Chetouani, Yasmine and Markey, Patrick S and Leder, Helmut},
  journal={Frontiers in Psychology},
  volume={8},
  pages={1729},
  year={2017},
  publisher={Frontiers Media SA}
}

@article{geraci2021preschoolers,
  title={Preschoolers' evaluations of comforting actions towards third parties in different relationship contexts},
  author={Geraci, Alessandra and Rigo, Paola and Simonelli, Alessandra and Di Nuovo, Santo and Simion, Francesca},
  journal={Journal of Applied Developmental Psychology},
  volume={76},
  pages={101315},
  year={2021},
  publisher={Elsevier}
}

@article{salimpoor2015predictions,
  title={Predictions and the brain: How musical sounds become rewarding},
  author={Salimpoor, Valorie N and Zald, David H and Zatorre, Robert J and Dagher, Alain and McIntosh, Anthony Randal},
  journal={Trends in Cognitive Sciences},
  volume={19},
  number={2},
  pages={86--91},
  year={2015},
  publisher={Elsevier}
}

@book{dennett1989intentional,
  title={The intentional stance},
  author={Dennett, Daniel C},
  year={1989},
  publisher={MIT press}
}

@article{lupyan2020effects,
  title={Effects of language on visual perception},
  author={Lupyan, Gary and Rahman, Rasha Abdel and Boroditsky, Lera and Clark, Andy},
  journal={Trends in Cognitive Sciences},
  volume={24},
  number={11},
  pages={930--944},
  year={2020},
  publisher={Elsevier}
}

@article{hiller1959computer,
  title={Computer music},
  author={Hiller, Lejaren A},
  journal={Scientific American},
  volume={201},
  number={6},
  pages={109--121},
  year={1959},
  publisher={JSTOR}
}

@article{hiller1958musical,
  title={Musical composition with a high-speed digital computer},
  author={Hiller Jr, Lejaren A and Isaacson, Leonard M},
  journal={Journal of the Audio Engineering Society},
  volume={6},
  number={3},
  pages={154--160},
  year={1958},
  publisher={Audio Engineering Society}
}

@article{dhariwal2020jukebox,
  title={Jukebox: A generative model for music},
  author={Dhariwal, Prafulla and Jun, Heewoo and Payne, Christine and Kim, Jong Wook and Radford, Alec and Sutskever, Ilya},
  journal={arXiv preprint arXiv:2005.00341},
  year={2020}
}

@article{oore2020time,
  title={This time with feeling: Learning expressive musical performance},
  author={Oore, Sageev and Simon, Ian and Dieleman, Sander and Eck, Douglas and Simonyan, Karen},
  journal={Neural Computing and Applications},
  volume={32},
  pages={955--967},
  year={2020},
  publisher={Springer}
}

@inproceedings{ramesh2021zero,
  title={Zero-shot text-to-image generation},
  author={Ramesh, Aditya and Pavlov, Mikhail and Goh, Gabriel and Gray, Scott and Voss, Chelsea and Radford, Alec and Chen, Mark and Sutskever, Ilya},
  booktitle={International Conference on Machine Learning},
  pages={8821--8831},
  year={2021},
  organization={PMLR}
}

@article{Roose:2022,
Author = {Roose, K.},
Title = {An {A.I.}-Generated Picture Won an Art Prize. {Artists} Aren’t Happy.},
Journal = {The New York Times},
Year = {2022}} 

@article{tan2004graphic,
  title={Graphic representations of short musical compositions},
  author={Tan, Siu-Lan and Kelly, Megan E},
  journal={Psychology of Music},
  volume={32},
  number={2},
  pages={191--212},
  year={2004},
  publisher={Sage Publications}
}

@book{almen2017theory,
  title={A theory of musical narrative},
  author={Alm{\'e}n, Byron},
  year={2017},
  publisher={Indiana University Press}
}

@article{boden2010turing,
  title={The {Turing} test and artistic creativity},
  author={Boden, Margaret A},
  journal={Kybernetes},
  volume={39},
  number={3},
  pages={409--413},
  year={2010},
  publisher={Emerald Group Publishing Limited}
}

@article{dahlstedt2021musicking,
  title={Musicking with algorithms: {Thoughts} on artificial intelligence, creativity, and agency},
  author={Dahlstedt, Palle},
  journal={Handbook of Artificial Intelligence for Music: Foundations, Advanced Approaches, and Developments for Creativity},
  pages={873--914},
  year={2021},
  publisher={Springer}
}

@article{messingschlager2022creative,
  title={Creative artificial intelligence and narrative transportation.},
  author={Messingschlager, Tanja V and Appel, Markus},
  journal={Psychology of Aesthetics, Creativity, and the Arts},
  year={2022},
  publisher={Educational Publishing Foundation}
}

@article{carter2017using,
  title={Using artificial intelligence to augment human intelligence},
  author={Carter, Shan and Nielsen, Michael},
  journal={Distill},
  volume={2},
  number={12},
  pages={e9},
  year={2017}
}

@article{teicher2016photography,
author = {Teicher, Jordan},
title = {When photography wasn't an art},
year = 2016,
journal = {JSTOR Daily}}

@article{esling2020creativity,
  title={Creativity in the era of artificial intelligence},
  author={Esling, Philippe and Devis, Ninon},
  journal={arXiv preprint arXiv:2008.05959},
  year={2020}
}

@misc{kelly2022pointless,
  author       = {Kelly, Kevin},
  howpublished = {WIRED},
  title        = {Picture limitless creativity at your fingertips},
  year         = {2022}
}
